=LDR  03875pam a2201069 a 4500
=001  011617958
=003  Uk
=005  20051118104918.0
=008  870826m19882004enka\\\\\b\\\\001\0\eng\\
=FMT  \\$a  BK
=010  \\$a87025586    
=015  \\$aGBA3T4167$2bnb
=016  7\$a011617958$2Uk
=019  y\$abA3T4167
=019  9\$a052135059x
=020  \\$a0521328829 (v. 1) :$c£30.00
=020  \\$a052135059X (v. 2) :$cNo price
=020  \\$a0521350603 (v. 3) :$c£65.00
=020  \\$a052134350X (v. 4) :$c£50.00
=039  0\$a2770
=040  \\$aStDuBDS$dUk
=042  \\$aukblsr
=043  \\$ae-uk---
=050  00$aLF109$b.H57 1988
=082  00$a378.42659$222
=245  02$aA history of the University of Cambridge /$c[general editor, Christopher Brooke].
=260  \\$aCambridge :$bCambridge University Press,$c1988-2004.
=300  \\$a4 v. :$bill. ;$c24 cm.
=336  \\$atext$2rdacontent
=337  \\$aunmediated$2rdamedia
=338  \\$avolume$2rdacarrier
=504  \\$aIncludes bibliographical references and indexes.
=505  0\$av. 1. The university to 1546 / Damian Riehl Leader -- v. 2. 1546-1750 / Victor Morgan with a contribution by Christopher Brooke -- v. 3. 1750-1870 / Peter Searby -- v. 4. 1870-1990 / Christopher N.L. Brooke.
=610  20$aUniversity of Cambridge$xHistory.
=700  1\$aBrooke, Christopher,$d1927-2015.
=700  1\$aMorgan, Victor.
=700  1\$aLeader, Damian Riehl.
=700  1\$aSearby, Peter.
=856  42$3Publisher description$uhttp://www.loc.gov/catdir/description/cam023/87025586.html
=856  41$3Table of contents$uhttp://www.loc.gov/catdir/toc/cam022/87025586.html
=852  41$aBritish Library$bDSC$jm05/.13711$iv.1
=852  41$aBritish Library$bHMNTS$iv.4
=852  41$aBritish Library$bHMNTS$jYC.2005.a.13105$iv.1
=852  41$aBritish Library$bDSC$jm05/.13712$iv.2
=852  41$aBritish Library$bDSC$jm05/.13713$iv.3
=852  41$aBritish Library$bDSC$jm05/.13714$iv.4
=852  41$aBritish Library$bHMNTS$jYC.2005.a.1035$iv.2
=852  41$aBritish Library$bHMNTS$jZH.9.a.133$iv.1,4
=852  11$aBritish Library$bHMNTS$cSPHOA$kHLR$h378.42659
=852  41$aBritish Library$bDSC$j98/12246$iv.3
=852  41$aBritish Library$bHMNTS$jYC.1997.b.5903$iv.3
=852  41$aBritish Library$bDSC$j89/08008$iv.1
=852  41$aBritish Library$bDSC$j93/00098$iv.4
=957  \\$a980430p
=966  \\$lACQUIS 09/04/98
=966  \\$lACQUIS
=A02  \\$a2392801
=CAT  \\$aCONV$b00$c20040425$lBLL90$h0535
=CAT  \\$a11009$b40$c20050210$lBLL01$h1157
=CAT  \\$a11009$b40$c20050210$lBLL01$h1541
=CAT  \\$a11009$b40$c20050210$lBLL01$h1547
=CAT  \\$a11009$b40$c20050210$lBLL01$h1550
=CAT  \\$a11317$b40$c20051118$lBLL01$h1048
=CAT  \\$a11317$b40$c20051118$lBLL01$h1049
=CAT  \\$aglobal_upd$b40$c20060417$lBLL01$h1258
=CAT  \\$aBATCH-UPD$b40$c20081108$lBLL01$h2049
=CAT  \\$aBATCH-UPD$b40$c20090218$lBLL01$h2029
=CAT  \\$aBATCH$b00$c20091122$lBLL01$h1851
=CAT  \\$aBATCH-UPD$b00$c20160221$lBLL01$h2130
=CAT  \\$aWR16_021$c20160609$lBLL01$h1959
=FIN  \\$aY$d20041215
=LDO  \\$aCIP$c24/3/04
=LEO  \\$aMP5.0000165031
=LEO  \\$aMP5.0001059827
=LEO  \\$aMP8.0001352983
=LEO  \\$aMP13.0001692659
=LEO  \\$aMP5.0001059540
=LEO  \\$aMP5.0001058796
=LEO  \\$aMP13.0001691787
=LEO  \\$aMP8.0000510503
=LEO  \\$aMP8.0000923994
=LEO  \\$aMP13.0001692421
=LEO  \\$aMP10.0000266994
=SRC  \\$aBNB03$bbibmp5.200404.2.aa
=SRC  \\$aBNB03$bbibmp5.200404.2.ab
=SRC  \\$aDSC01$bbibmp8.200404.2.ab
=SRC  \\$aHSS01$bbibmp13.200404.2.ac
=SRC  \\$aDSC01$bbibmp8.200404.2.aa
=SRC  \\$aLDS01$bbiblm.200404.2.aa
=SRC  \\$aBLL02
=SRC  \\$aDSS01$bbibmp10.200404.2.aa
=LAS  \\$aWR16_021$b00$c20160609$lBLL01$h1959

