=LDR  04774cam a2201285 u 4500
=001  006557462
=003  Uk
=005  20221231175844.0
=008  020206m20019999gw\a\\\\\b\\\\001\0\eng\d
=FMT  \\$a  BK
=010  \\$a2002276383
=015  \\$aGBA510225$2bnb
=016  7\$a006557462$2Uk
=019  g\$aadv5002620337
=019  a\$aG07129767
=020  \\$a3527297723 ([v. 1]) :$c£85.00
=020  \\$a3527303014 (v. 2) :$c£85.00
=020  \\$a3527303022 (v. 3) :$c£85.00
=020  \\$a3527304290 (v. 4) :$cNo price
=020  \\$a352730665X (v. 5) :$c£80.00
=035  \\$a(OCoLC)ocm48707465
=040  \\$aStDuBDS$dUk
=042  \\$aukblsr
=050  00$aQC753.2$b.M35 2001
=082  00$a538$222
=245  00$aMagnetism :$bmolecules to materials /$cedited by Joel S. Miller and Marc Drillon.
=260  \\$aWeinheim ;$a[Great Britain] :$bWiley-VCH,$cc2001-
=300  \\$av. :$bill. ;$c25 cm.
=336  \\$atext$2rdacontent
=337  \\$aunmediated$2rdamedia
=338  \\$avolume$2rdacarrier
=500  \\$aDescription based on: v. 2.
=504  \\$aIncludes bibliographical references and indexes.
=505  1\$a[I]. Models and experiments -- II. Molecule-based materials -- III. Nanosized magnetic materials -- IV-V. [without special title]
=540  \\$aCurrent Copyright Fee: GBP25.00$c0$5Uk
=650  \0$aMagnetism.
=700  1\$aMiller, Joel S.
=700  1\$aDrillon, Marc.
=856  42$3Publisher description$uhttp://www.loc.gov/catdir/description/wiley036/2002276383.html
=856  41$3Table of contents$uhttp://www.loc.gov/catdir/toc/wiley022/2002276383.html
=852  41$aBritish Library$bDSC$j5340.183000$ivol. 5
=852  11$aBritish Library$bSTI$k(B)$h538$ivol. 5
=852  71$aBritish Library$bSTI$k(B)$hKU 61$2blsrissc$ivol. 3
=852  71$aBritish Library$bSTI$k(B)$hKU 61$2blsrissc$ivol. 1
=852  71$aBritish Library$bSTI$k(B)$hKU 61$2blsrissc$ivol. 2
=852  41$aBritish Library$bDSC$i5340.183000$ivol. 2
=852  41$aBritish Library$bDSC$j5340.183000$ivol. 3
=852  41$aBritish Library$bDSC$j5340.183000$ivol. 4
=852  71$aBritish Library$bSTI$k(B)$hKU 61$2blsrissc$ivol. 4
=852  41$aBritish Library$bDSC$j5340.183000$ivol. 1
=957  \\$r12/6/03$tM/35035-03
=957  \\$r8/1/03$tM/33606-13
=957  \\$a030106c
=966  \\$lACQUIS 03/08/2001
=966  \\$lACQUIS 22/05/2001
=966  \\$lACQUIS 07/11/2002
=966  \\$uc$lACQUIS 21/10/2003
=966  \\$lACQUIS 12/09/2003
=CAT  \\$aCONV$b00$c20040502$lBLL01$h1143
=CAT  \\$a11317$b40$c20050203$lBLL01$h1131
=CAT  \\$aglobal_upd$b40$c20060416$lBLL01$h0200
=CAT  \\$a11250$b40$c20080428$lBLL01$h1447
=CAT  \\$aBATCH$b00$c20091207$lBLL01$h0146
=CAT  \\$aBATCH-CLA$b00$c20140102$lBLL01$h0308
=CAT  \\$aWR16_021$c20160608$lBLL01$h1729
=CAT  \\$aBATCH-CLA$b00$c20160609$lBLL01$h0125
=CAT  \\$aBATCH-CLA$b00$c20161222$lBLL01$h1643
=CAT  \\$aIPL-CLA$c20161230$lBLL01$h1731
=CAT  \\$aBATCH-CLA$b00$c20171222$lBLL01$h1936
=CAT  \\$aIPL-CLA$c20171231$lBLL01$h1309
=CAT  \\$aBATCH-CLA$b00$c20191219$lBLL01$h1608
=CAT  \\$aIPL-CLA$c20191231$lBLL01$h1650
=CAT  \\$aR2001-1524$c20200127$lBLL01$h1917
=CAT  \\$aBATCH-CLA$b00$c20200128$lBLL01$h0440
=CAT  \\$aBATCH-CLA$b00$c20201204$lBLL01$h1401
=CAT  \\$aIPL-CLA$c20201231$lBLL01$h1842
=CAT  \\$aBATCH-CLA$b00$c20221221$lBLL01$h1703
=CAT  \\$aIPL-CLA$c20221231$lBLL01$h1758
=CFI  0\$aCurrent Copyright Fee: GBP25.00$c0$e01-jan-2023$fGBP25.00$g0$hA$5Uk
=CFI  2\$aPrevious Copyright Fee: GBP22.50$c0$e01-jan-2021$fGBP22.50$g0$hA$5Uk
=FIN  \\$aY
=LDO  \\$aPGuy$bhbk
=LDO  \\$aCIP$bhbk
=LDO  \\$aCIP
=LEO  \\$aMP8.0001865261
=LEO  \\$aMP5.0000473890
=LEO  \\$aMP5.0001892636
=LEO  \\$aMP25.0000352083
=LEO  \\$aMP5.0001892809
=LEO  \\$aMP5.0001892808
=LEO  \\$aMP25.0000349916
=LEO  \\$aMP8.0001689903
=LEO  \\$aMP8.0001689899
=LEO  \\$aMP8.0001712552
=LEO  \\$aMP5.0000473742
=LEO  \\$aMP25.0000364554
=LEO  \\$aMP8.0001802065
=LEO  \\$aMP25.0000361191
=LEO  \\$aMP5.0000473789
=SRC  \\$aLDS01$bbiblm.200404.2.aa
=SRC  \\$aDSC01$bbibmp8.200404.2.ac
=SRC  \\$aBNB03$bbibmp5.200404.2.aa
=SRC  \\$aSRI01$bbibmp25.200404.2.aa
=SRC  \\$aBNB03$bbibmp5.200404.2.ad
=SRC  \\$aBLL02$bpart.2.ai
=TCO  \\$aCLA$bCLA$c008
=ACF  \\$aPrevious Copyright Fee: GBP12.30$c0$e01-jan-2014$fGBP12.30$g0$hA$5Uk
=ACF  \\$aPrevious Copyright Fee: GBP15.00$c0$e01-jan-2017$fGBP15.00$g0$hA$5Uk
=ACF  \\$aPrevious Copyright Fee: GBP20.00$c0$e01-jan-2020$fGBP20.00$g0$hA$5Uk
=LAS  \\$aIPL-CLA$b00$c20221231$lBLL01$h1758

