=LDR  02471cam a2200649 a 4500
=001  013655476
=003  Uk
=005  20220331224213.0
=008  070403s2007\\\\enk\\\\\\d\\\\000\0\eng\\
=FMT  \\$a  BK
=010  \\$a  2007014213
=015  \\$aGBA707996$2bnb
=016  7\$a013655476$2Uk
=020  \\$a9780198614227 (hbk.) :$c£29.99
=020  \\$a0198614225 (hbk.) :$c£29.99
=040  \\$aStDuBDS$beng$cStDuBDS$dUk
=041  0\$aeng$afre
=042  \\$aukblsr
=050  00$aPC2640$b.O83 2007
=082  00$a443.21$222
=245  04$aThe Oxford-Hachette French dictionary :$bFrench-English, English-French /$cedited by Marie-Hélène Corréard, Valerie Grundy.
=250  \\$a4th ed. /$bedited by Jean-Benoit Ormal-Grenon, Nicholas Rollin.
=260  \\$aOxford :$bOxford University Press,$c2007.
=300  \\$axxxviii, 1945 p. ;$c27 cm.
=336  \\$atext$2rdacontent
=337  \\$aunmediated$2rdamedia
=338  \\$avolume$2rdacarrier
=500  \\$aFormerly CIP.$5Uk
=540  \\$aCurrent Copyright Fee: GBP22.50$c0$5Uk
=650  \0$aFrench language$vDictionaries$xEnglish.
=650  \0$aEnglish language$vDictionaries$xFrench.
=700  1\$aCorréard, Marie-Hélène.
=700  1\$aGrundy, Valerie.
=700  1\$aOrmal-Grenon, Jean-Benoit.
=700  1\$aRollin, Nicholas.
=856  41$3Table of contents only$uhttp://www.loc.gov/catdir/toc/ecip0715/2007014213.html
=852  11$aBritish Library$bSTI$k(B)$h443.21$mEnquiry Desk Science 3
=852  41$aBritish Library$bHMNTS$jEMC.2007.b.410
=852  41$aBritish Library$bHMNTS$cSPHOA$kHLD$mFRE
=852  11$aBritish Library$bHMNTS$cSPHOA$kHLR$h443
=852  41$aBritish Library$bDSC$jVm08/.50378
=852  11$aBritish Library$bHMNTS$cSPHOA$kHUR$h443
=BUF  \\$aN$d20070621
=CAT  \\$aBATCH-CIP$b00$c20070130$lBLL01$h1700
=CAT  \\$aBATCH$b00$c20070130$lBLL01$h1702
=CAT  \\$aBATCH$b00$c20070130$lBLL01$h1706
=CAT  \\$a10904$b40$c20070621$lBLL01$h1146
=CAT  \\$a8299$b40$c20070904$lBLL01$h1343
=CAT  \\$aBATCH-BUOC$b00$c20080306$lBLL01$h2145
=CAT  \\$a10904$b40$c20140120$lBLL01$h1406
=CAT  \\$aWR16_021$c20160617$lBLL01$h1806
=CAT  \\$aBATCH-UPD$b00$c20170429$lBLL01$h1932
=CAT  \\$aBATCH-CLAB$c20220330$lBLL01$h1615
=CAT  \\$aIPL-CLA$c20220331$lBLL01$h2242
=CFI  0\$aCurrent Copyright Fee: GBP22.50$c0$e01-apr-2022$fGBP22.50$g0$hC$5Uk
=FIN  \\$aY$d20070621
=LAS  \\$aIPL-CLA$b00$c20220331$lBLL01$h2242

