=LDR  02353cam a2200613 a 4500
=001  013772592
=003  Uk
=005  20220331224438.0
=008  070424s2008\\\\njua\\\\\b\\\\001\0\eng\\
=FMT  \\$a  BK
=010  \\$a  2007017344
=015  \\$aGBA747221$2bnb
=016  7\$a013772592$2Uk
=020  \\$a9780470118818 (hbk.) :$c£32.50
=020  \\$a0470118814 (hbk.) :$c£32.50
=040  \\$aStDuBDS$beng$cStDuBDS$dUk
=042  \\$aukblsr
=050  00$aT58.5$b.A54 2008
=082  00$a004$222
=100  10$aAlesso, H. P.
=245  10$aConnections :$bpatterns of discovery /$cH. Peter Alesso and Craig F. Smith.
=260  \\$aChichester :$bWiley-Interscience,$cc2008.
=300  \\$axiii, 207 p. :$bill. ;$c25 cm.
=336  \\$atext$2rdacontent
=337  \\$aunmediated$2rdamedia
=338  \\$avolume$2rdacarrier
=500  \\$aFormerly CIP.$5Uk
=504  \\$aIncludes bibliographical references (p. 187-198) and index.
=540  \\$aCurrent Copyright Fee: GBP32.00$c0$5Uk
=650  \0$aInformation technology.
=650  \0$aDiscoveries in science.
=700  1\$aSmith, C. F.$q(Craig Forsythe),$d1950-
=856  41$3Table of contents only$uhttp://www.loc.gov/catdir/toc/ecip0716/2007017344.html
=856  42$3Publisher description$uhttp://www.loc.gov/catdir/enhancements/fy0741/2007017344-d.html
=856  42$3Contributor biographical information$uhttp://www.loc.gov/catdir/enhancements/fy0806/2007017344-b.html
=852  11$aBritish Library$bHMNTS$k(B)$h004
=852  11$aBritish Library$bSTI$k(B)$h004
=852  41$aBritish Library$bDSC$jm08/.15187
=BUF  \\$aN$d20080222
=CAT  \\$aBATCH-CIP$b00$c20070619$lBLL01$h1701
=CAT  \\$aBATCH$b00$c20070619$lBLL01$h1703
=CAT  \\$aBATCH$b00$c20070619$lBLL01$h1711
=CAT  \\$aBATCH$b00$c20080204$lBLL01$h1309
=CAT  \\$aBATCH$b00$c20080204$lBLL01$h1310
=CAT  \\$a12327$b40$c20080221$lBLL01$h0850
=CAT  \\$a5375$b40$c20080222$lBLL01$h1253
=CAT  \\$aBATCH-BUOC$b00$c20080228$lBLL01$h2150
=CAT  \\$aBATCH-UPD$b00$c20101009$lBLL01$h0517
=CAT  \\$aWR16_021$c20160617$lBLL01$h1826
=CAT  \\$aBATCH-CLAB$c20220330$lBLL01$h1711
=CAT  \\$aIPL-CLA$c20220331$lBLL01$h2244
=CFI  0\$aCurrent Copyright Fee: GBP32.00$c0$e01-apr-2022$fGBP32.00$g0$hC$5Uk
=FIN  \\$aY$d20080222
=LAS  \\$aIPL-CLA$b00$c20220331$lBLL01$h2244

